<?xml version="1.0" encoding="UTF-8"?><record xmlns="http://www.loc.gov/MARC21/slim" xmlns:cinclude="http://apache.org/cocoon/include/1.0" xmlns:zs="http://www.loc.gov/zing/srw/">
  <leader>00453nz  a2200145n  4500</leader>
  <controlfield tag="001">no2008022346</controlfield>
  <controlfield tag="003">DLC</controlfield>
  <controlfield tag="005">20080215114042.0</controlfield>
  <controlfield tag="008">080212n| acannaabn          |a aaa     c</controlfield>
  <datafield tag="010" ind1=" " ind2=" ">
    <subfield code="a">no2008022346</subfield>
  </datafield>
  <datafield tag="035" ind1=" " ind2=" ">
    <subfield code="a">(OCoLC)oca07655063</subfield>
  </datafield>
  <datafield tag="040" ind1=" " ind2=" ">
    <subfield code="a">CSt</subfield>
    <subfield code="b">eng</subfield>
    <subfield code="c">CSt</subfield>
  </datafield>
  <datafield tag="100" ind1="1" ind2=" ">
    <subfield code="a">Boltnev, N.</subfield>
    <subfield code="q">(Nikolaĭ Ivanovich)</subfield>
  </datafield>
  <datafield tag="400" ind1="1" ind2=" ">
    <subfield code="a">Boltnev, Nikolaĭ Ivanovich</subfield>
  </datafield>
  <datafield tag="670" ind1=" " ind2=" ">
    <subfield code="a">Dobro pozhalovatʹ v Zauralʹe!, 2007:</subfield>
    <subfield code="b">colophon (N. Boltnev) p. 23 (Boltnev Nikolaĭ Ivanovich)</subfield>
  </datafield>
</record>